<?xml version="1.0" encoding="UTF-8"?><collection xmlns="http://www.loc.gov/MARC21/slim"><record><leader>00420nam--2200133-i-4500</leader><controlfield tag="001">000016880</controlfield><controlfield tag="002">20161230</controlfield><controlfield tag="005">20161230201032</controlfield><controlfield tag="008">060222s1000------------r-----000-0-eng-d</controlfield><datafield ind1=" " ind2=" " tag="245"><subfield code="a">21eme conference internationale de physique des hautee energies</subfield></datafield><datafield ind1=" " ind2=" " tag="260"><subfield code="a">Paris, France July 26th-31st, 1982</subfield></datafield><datafield ind1=" " ind2=" " tag="490"><subfield code="a">Journal De Physique, Tom 43, Colloque 3, Suppl.Au Nr,12</subfield></datafield><datafield ind1=" " ind2=" " tag="700"><subfield code="a">Petiau, P./S.A.</subfield></datafield><datafield ind1=" " ind2=" " tag="852"><subfield code="a">539.12.162.8(061.3)</subfield></datafield></record></collection>